<?xml version="1.0" encoding="UTF-8"?><collection xmlns="http://www.loc.gov/MARC21/slim"><record><leader>00579nam--2200181-i-4500</leader><controlfield tag="001">000030414</controlfield><controlfield tag="002">20161230</controlfield><controlfield tag="005">20161230201038</controlfield><controlfield tag="008">060222s1000------------r-----000-0-fre-d</controlfield><datafield ind1=" " ind2=" " tag="040"><subfield code="a">IFIN-HH</subfield></datafield><datafield ind1=" " ind2=" " tag="041"><subfield code="a">fre</subfield></datafield><datafield ind1=" " ind2=" " tag="080"><subfield code="a">778.38(043):535.8(043)</subfield></datafield><datafield ind1="1" ind2=" " tag="100"><subfield code="a">Madjidi-zolbanine, Habib</subfield></datafield><datafield ind1="1" ind2="0" tag="245"><subfield code="a">Methodes holographiques appliquees a la correction des aberrations geometriques et chromatiques d`un systeme optique</subfield><subfield code="b">These</subfield><subfield code="c">Habib madjidi-zolbanine</subfield></datafield><datafield ind1=" " ind2=" " tag="260"><subfield code="a">Besancon</subfield><subfield code="b">Universite De Besancon</subfield><subfield code="c">1974</subfield></datafield><datafield ind1=" " ind2=" " tag="300"><subfield code="a">112P</subfield></datafield><datafield ind1=" " ind2=" " tag="852"><subfield code="a">43397</subfield><subfield code="c">535</subfield></datafield><datafield ind1=" " ind2=" " tag="CAT"><subfield code="a">Sys</subfield><subfield code="c">20110119</subfield><subfield code="h">160150</subfield></datafield></record></collection>